@article{KutzkovScheder,
	author    = {Konstantin Kutzkov and Dominik Scheder},
	title     = {Using {CSP} To Improve Deterministic 3-SAT},
	journal   = {CoRR},
	volume    = {abs/1007.1166},
	year      = {2010},
	url       = {http://arxiv.org/abs/1007.1166},
	archivePrefix = {arXiv},
	eprint    = {1007.1166},
	timestamp = {Mon, 13 Aug 2018 16:48:31 +0200},
	biburl    = {https://dblp.org/rec/journals/corr/abs-1007-1166.bib},
	bibsource = {dblp computer science bibliography, https://dblp.org}
}

@article{HertliMoserScheder,
	author    = {Timon Hertli and Robin A. Moser and Dominik Scheder},
	title     = {Improving {PPSZ} for 3-SAT using Crtitical Variables},
	journal   = {CoRR},
	volume    = {abs/1009.4830},
	year      = {2010},
	url       = {http://arxiv.org/abs/1009.4830},
	archivePrefix = {arXiv},
	eprint    = {1009.4830},
	timestamp = {Mon, 13 Aug 2018 16:46:54 +0200},
	biburl    = {https://dblp.org/rec/journals/corr/abs-1009-4830.bib},
	bibsource = {dblp computer science bibliography, https://dblp.org}
}

@article{MakinoTamakiYamamoto,
	author = {Makino K., Tamaki S. and Yamamoto M},
	title = {Derandomizing the HSSW Algorithm for 3-SAT},
	year = {2013},
	note = {Algorithmica 67, 112–124. \url{https://doi.org/10.1007/s00453-012-9741-4}}
}

@article{IwamaSetoTakai,
	author = {Iwama K., Seto K., Takai T., Tamaki S.},
	title = {Improved Randomized Algorithms for 3-SAT.},
	year = {2010},
	note = {In: Cheong O., Chwa KY., Park K. (eds) Algorithms and Computation. ISAAC 2010. Lecture Notes in Computer Science, vol 6506. Springer, Berlin, Heidelberg},
}

@INPROCEEDINGS{Hertli,  
	author={T. {Hertli}},  
	booktitle={2011 IEEE 52nd Annual Symposium on Foundations of Computer Science},  
	title={3-SAT Faster and Simpler - Unique-SAT Bounds for PPSZ Hold in General},   
	year={2011}, 
	volume={},  
	number={},  
	pages={277-284},
}

@INPROCEEDINGS{CookSAT,
	author = {Stephen A. Cook},
	title = {The complexity of theorem-proving procedures},
	booktitle = {IN STOC},
	year = {1971},
	pages = {151--158},
	publisher = {ACM}
}

@article{introNoPh,
	author = {Nannicini, Giacomo},
	year = {2017},
	month = {08},
	pages = {},
	title = {An Introduction to Quantum Computing, Without the Physics},
}

@INPROCEEDINGS{grover,
	author = {Lov K. Grover},
	title = {A Fast Quantum Mechanical Algorithm for Database Search},
	booktitle = {Annual Acm Symposium On Theory Of Computing},
	year = {1996},
	pages = {212--219},
	publisher = {ACM},
}

@article{qiskitGrover,
	author = {Boyer M., Brassard G., Hoyer P. and Tapp A.},
	title = {Tight bounds on quantum searching},
	year = {1996},
	note = {\url{https://arxiv.org/abs/quant-ph/9605034}},
}

@article{quantumNP,
	author = {Ohya M. and Masuda N.},
	title = {NP Problem in Quantum Algorithm},
	year = {2000},
	note = {Open Systems and Information Dynamics 7, 33–39. \url{https://doi.org/10.1023/A:1009651417615}},
}

@article{quantumFeynman,
	author = {Feynman R.P.},
	title = {Quantum Mechanical Computers},
	year = {1986},
	note = {Found Phys 16, 507–531. \url{https://doi.org/10.1007/BF01886518}},
}

@misc{qiskitTextbook,
	title = {Qiskit Textbook},
	note = {\url{https://qiskit.org/textbook/}},
}